@online{cnn_begginer_guide,
    url={https://adeshpande3.github.io/adeshpande3.github.io/A-Beginner's-Guide-To-Understanding-Convolutional-Neural-Networks/},
    urldate={2020-02-16}, %should always include urldate when citing websites
    title={A begginer's guide to CNN},
    author={Adit Deshpande},
    organization={Adit Deshpande},
    year={2020},
}